<marc:collection xmlns:marc="http://www.loc.gov/MARC21/slim" xmlns:xsi="http://www.w3.org/2001/XMLSchema-instance" xsi:schemaLocation="http://www.loc.gov/MARC21/slim http://www.loc.gov/standards/marcxml/schema/MARC21slim.xsd">
    <marc:record type="Bibliographic">
        <marc:leader>02952cem a22006017a 4500</marc:leader>
        <marc:controlfield tag="001">6843587</marc:controlfield>
        <marc:controlfield tag="005">20140131144740.0</marc:controlfield>
        <marc:controlfield tag="007">aj canzn</marc:controlfield>
        <marc:controlfield tag="008">110422s1983    ru gag    a  f  1   rus d</marc:controlfield>
        <marc:datafield tag="010" ind1=" " ind2=" ">
            <marc:subfield code="a">  2006635756</marc:subfield>
        </marc:datafield>
        <marc:datafield tag="034" ind1="1" ind2=" ">
            <marc:subfield code="a">a</marc:subfield>
            <marc:subfield code="b">25000</marc:subfield>
            <marc:subfield code="d">116.133333</marc:subfield>
            <marc:subfield code="e">116.566667</marc:subfield>
            <marc:subfield code="f">40.050000</marc:subfield>
            <marc:subfield code="g">39.766667</marc:subfield>
        </marc:datafield>
        <marc:datafield tag="035" ind1=" " ind2=" ">
            <marc:subfield code="a">(NjP Geomap) 76635</marc:subfield>
        </marc:datafield>
        <marc:datafield tag="040" ind1=" " ind2=" ">
            <marc:subfield code="c">NjP</marc:subfield>
        </marc:datafield>
        <marc:datafield tag="041" ind1="0" ind2=" ">
            <marc:subfield code="a">rus</marc:subfield>
        </marc:datafield>
        <marc:datafield tag="043" ind1=" " ind2=" ">
            <marc:subfield code="a">a-cc-pe</marc:subfield>
        </marc:datafield>
        <marc:datafield tag="045" ind1="0" ind2=" ">
            <marc:subfield code="b">d1978</marc:subfield>
        </marc:datafield>
        <marc:datafield tag="052" ind1=" " ind2=" ">
            <marc:subfield code="a">7824</marc:subfield>
            <marc:subfield code="b">B4</marc:subfield>
        </marc:datafield>
        <marc:datafield tag="066" ind1=" " ind2=" ">
            <marc:subfield code="c">(N</marc:subfield>
        </marc:datafield>
        <marc:datafield tag="110" ind1="1" ind2=" ">
            <marc:subfield code="6">880-01</marc:subfield>
            <marc:subfield code="a">Soviet Union.</marc:subfield>
            <marc:subfield code="b">Sovetskai︠a︡ Armii︠a︡.</marc:subfield>
            <marc:subfield code="b">Generalʹnyĭ shtab.</marc:subfield>
        </marc:datafield>
        <marc:datafield tag="245" ind1="1" ind2="0">
            <marc:subfield code="6">880-02</marc:subfield>
            <marc:subfield code="a">Pekin (K-50-137,138 ; J-50-5,6)</marc:subfield>
            <marc:subfield code="h">[cartographic material] :</marc:subfield>
            <marc:subfield code="b">Kitaĭ, gorod Pekin /</marc:subfield>
            <marc:subfield code="c">Generalʹnyĭ shtab.</marc:subfield>
        </marc:datafield>
        <marc:datafield tag="250" ind1=" " ind2=" ">
            <marc:subfield code="6">880-03</marc:subfield>
            <marc:subfield code="a">Izd. 1983 g.</marc:subfield>
        </marc:datafield>
        <marc:datafield tag="255" ind1=" " ind2=" ">
            <marc:subfield code="a">Scale 1:25,000. 1 cm. to 250 m.</marc:subfield>
            <marc:subfield code="b">Gauss Kruger proj.</marc:subfield>
            <marc:subfield code="c">(E 116°08ʹ--E 116°34ʹ/N 40°03ʹ--N 39°46ʹ).</marc:subfield>
        </marc:datafield>
        <marc:datafield tag="260" ind1=" " ind2=" ">
            <marc:subfield code="6">880-04</marc:subfield>
            <marc:subfield code="a">[Moscow]? :</marc:subfield>
            <marc:subfield code="b">Generalʹnyĭ shtab,</marc:subfield>
            <marc:subfield code="c">1983.</marc:subfield>
        </marc:datafield>
        <marc:datafield tag="300" ind1=" " ind2=" ">
            <marc:subfield code="a">1 map on 2 sheets :</marc:subfield>
            <marc:subfield code="b">col. ;</marc:subfield>
            <marc:subfield code="c">116 x 145 cm., sheets 125 x 92 cm.</marc:subfield>
        </marc:datafield>
        <marc:datafield tag="500" ind1=" " ind2=" ">
            <marc:subfield code="a">Military topographic map showing numbered government, military, transportation, and industrial facilities.</marc:subfield>
        </marc:datafield>
        <marc:datafield tag="500" ind1=" " ind2=" ">
            <marc:subfield code="a">Relief shown by contours and spot heights.</marc:subfield>
        </marc:datafield>
        <marc:datafield tag="500" ind1=" " ind2=" ">
            <marc:subfield code="6">880-05</marc:subfield>
            <marc:subfield code="a">"Sostavleno po materialam na 1978 g."</marc:subfield>
        </marc:datafield>
        <marc:datafield tag="500" ind1=" " ind2=" ">
            <marc:subfield code="6">880-06</marc:subfield>
            <marc:subfield code="a">"Sistema koordinat 1942 g."</marc:subfield>
        </marc:datafield>
        <marc:datafield tag="500" ind1=" " ind2=" ">
            <marc:subfield code="a">Gauss-Kruger conformal projection with Pulkovo 1942 datum on Krassovsky 1940 ellipsoid.</marc:subfield>
        </marc:datafield>
        <marc:datafield tag="500" ind1=" " ind2=" ">
            <marc:subfield code="a">Sheets numbered: List 1 [western] -- List 2 [eastern].</marc:subfield>
        </marc:datafield>
        <marc:datafield tag="500" ind1=" " ind2=" ">
            <marc:subfield code="6">880-07</marc:subfield>
            <marc:subfield code="a">Former security classification in margins: Sekretno.</marc:subfield>
        </marc:datafield>
        <marc:datafield tag="500" ind1=" " ind2=" ">
            <marc:subfield code="a">Includes text, indexes, and sheet-assembly diagrams.</marc:subfield>
        </marc:datafield>
        <marc:datafield tag="500" ind1=" " ind2=" ">
            <marc:subfield code="a">"I-22/1 V 87-D. I-22/2 V 87-D."</marc:subfield>
        </marc:datafield>
        <marc:datafield tag="530" ind1=" " ind2=" ">
            <marc:subfield code="a">Available also online through:</marc:subfield>
            <marc:subfield code="b">Princeton University Libraries, Digital Map &amp; Geographic Data Web site.</marc:subfield>
        </marc:datafield>
        <marc:datafield tag="546" ind1=" " ind2=" ">
            <marc:subfield code="a">In Russian.</marc:subfield>
        </marc:datafield>
        <marc:datafield tag="650" ind1=" " ind2="0">
            <marc:subfield code="a">Military maps.</marc:subfield>
        </marc:datafield>
        <marc:datafield tag="651" ind1=" " ind2="0">
            <marc:subfield code="a">Beijing (China)</marc:subfield>
            <marc:subfield code="v">Maps.</marc:subfield>
        </marc:datafield>
        <marc:datafield tag="651" ind1=" " ind2="0">
            <marc:subfield code="a">Beijing Metropolitan Area (China)</marc:subfield>
            <marc:subfield code="v">Maps.</marc:subfield>
        </marc:datafield>
        <marc:datafield tag="651" ind1=" " ind2="7">
            <marc:subfield code="a">China</marc:subfield>
            <marc:subfield code="z">Beijing.</marc:subfield>
            <marc:subfield code="2">fast</marc:subfield>
            <marc:subfield code="0">(OCoLC)fst01205740</marc:subfield>
        </marc:datafield>
        <marc:datafield tag="651" ind1=" " ind2="7">
            <marc:subfield code="a">China</marc:subfield>
            <marc:subfield code="z">Beijing Metropolitan Area.</marc:subfield>
            <marc:subfield code="2">fast</marc:subfield>
            <marc:subfield code="0">(OCoLC)fst01343074</marc:subfield>
        </marc:datafield>
        <marc:datafield tag="655" ind1=" " ind2="7">
            <marc:subfield code="a">Topographic maps.</marc:subfield>
            <marc:subfield code="2">lcgft</marc:subfield>
        </marc:datafield>
        <marc:datafield tag="655" ind1=" " ind2="7">
            <marc:subfield code="a">Maps.</marc:subfield>
            <marc:subfield code="2">fast</marc:subfield>
            <marc:subfield code="0">(OCoLC)fst01423704</marc:subfield>
        </marc:datafield>
        <marc:datafield tag="852" ind1="8" ind2=" ">
            <marc:subfield code="b">scimap</marc:subfield>
            <marc:subfield code="h">G7824.B4C2 1983</marc:subfield>
            <marc:subfield code="i">.S6</marc:subfield>
        </marc:datafield>
        <marc:datafield tag="856" ind1=" " ind2=" ">
            <marc:subfield code="z">See the map.</marc:subfield>
            <marc:subfield code="u">http://gisserver.princeton.edu/map/681</marc:subfield>
        </marc:datafield>
        <marc:datafield tag="856" ind1=" " ind2=" ">
            <marc:subfield code="z">See the map.</marc:subfield>
            <marc:subfield code="u">http://gisserver.princeton.edu/map/682</marc:subfield>
        </marc:datafield>
        <marc:datafield tag="880" ind1="1" ind2=" ">
            <marc:subfield code="6">110-01/(N</marc:subfield>
            <marc:subfield code="a">Soviet Union.</marc:subfield>
            <marc:subfield code="b">Советская Армия.</marc:subfield>
            <marc:subfield code="b">Генеральный штаб.</marc:subfield>
        </marc:datafield>
        <marc:datafield tag="880" ind1="1" ind2="0">
            <marc:subfield code="6">245-02/(N</marc:subfield>
            <marc:subfield code="a">Пекин (K-50-137,138 ; J-50-5,6) :</marc:subfield>
            <marc:subfield code="b">Китай, город Пекин /</marc:subfield>
            <marc:subfield code="c">Генеральный штаб.</marc:subfield>
        </marc:datafield>
        <marc:datafield tag="880" ind1=" " ind2=" ">
            <marc:subfield code="6">250-03/(N</marc:subfield>
            <marc:subfield code="a">Изд. 1983 г.</marc:subfield>
        </marc:datafield>
        <marc:datafield tag="880" ind1=" " ind2=" ">
            <marc:subfield code="6">260-04/(N</marc:subfield>
            <marc:subfield code="a">[Moscow?] :</marc:subfield>
            <marc:subfield code="b">Генеральный штаб,</marc:subfield>
            <marc:subfield code="c">1983.</marc:subfield>
        </marc:datafield>
        <marc:datafield tag="880" ind1=" " ind2=" ">
            <marc:subfield code="6">500-05/(N</marc:subfield>
            <marc:subfield code="a">"Составлено по материалам на 1978 г."</marc:subfield>
        </marc:datafield>
        <marc:datafield tag="880" ind1=" " ind2=" ">
            <marc:subfield code="6">500-06/(N</marc:subfield>
            <marc:subfield code="a">"Система координат 1942 г."</marc:subfield>
        </marc:datafield>
        <marc:datafield tag="880" ind1=" " ind2=" ">
            <marc:subfield code="6">500-07/(N</marc:subfield>
            <marc:subfield code="a">Former security classification in margins: Секретно.</marc:subfield>
        </marc:datafield>
        <marc:datafield tag="902" ind1=" " ind2=" ">
            <marc:subfield code="a">mapst2</marc:subfield>
            <marc:subfield code="b">x</marc:subfield>
            <marc:subfield code="6">e</marc:subfield>
            <marc:subfield code="7">m</marc:subfield>
            <marc:subfield code="d">v</marc:subfield>
            <marc:subfield code="f">1</marc:subfield>
            <marc:subfield code="e">20140130</marc:subfield>
        </marc:datafield>
    </marc:record>
    <marc:record type="Holdings">
        <marc:leader>00185cx  a22000851  4500</marc:leader>
        <marc:controlfield tag="001">6762203</marc:controlfield>
        <marc:controlfield tag="004">6843587</marc:controlfield>
        <marc:controlfield tag="005">20140130153745.0</marc:controlfield>
        <marc:controlfield tag="008">1109300u||||8|||4001uu|||0000000</marc:controlfield>
        <marc:datafield tag="852" ind1="8" ind2=" ">
            <marc:subfield code="b">scimap</marc:subfield>
            <marc:subfield code="h">G7824.B4C2 1983</marc:subfield>
            <marc:subfield code="i">.S6</marc:subfield>
        </marc:datafield>
    </marc:record>
</marc:collection>
